{
  "leader": "04081cam a2200493Ia 4500",
  "fields": [
    {
      "001": "ocn759923643"
    },
    {
      "003": "OCoLC"
    },
    {
      "005": "20221222103044.0"
    },
    {
      "008": "111108s2011\\\\\\\\cauab\\\\\\\\b\\\\\\\\001\\0\\eng\\d"
    },
    {
      "040": {
        "ind1": "\\",
        "ind2": "\\",
        "subfields": [
          {
            "a": "IEP"
          },
          {
            "b": "eng"
          },
          {
            "c": "IEP"
          },
          {
            "d": "IEP"
          },
          {
            "d": "OCLCQ"
          },
          {
            "d": "BUR"
          },
          {
            "d": "BTCTA"
          },
          {
            "d": "OCLCF"
          },
          {
            "d": "OCLCQ"
          },
          {
            "d": "SFR"
          },
          {
            "d": "QQ3"
          },
          {
            "d": "OCLCO"
          },
          {
            "d": "YBM"
          },
          {
            "d": "OCLCO"
          }
        ]
      }
    },
    {
      "019": {
        "ind1": "\\",
        "ind2": "\\",
        "subfields": [
          {
            "a": "709673259"
          }
        ]
      }
    },
    {
      "020": {
        "ind1": "\\",
        "ind2": "\\",
        "subfields": [
          {
            "a": "9781616281717"
          }
        ]
      }
    },
    {
      "020": {
        "ind1": "\\",
        "ind2": "\\",
        "subfields": [
          {
            "a": "1616281715"
          }
        ]
      }
    },
    {
      "035": {
        "ind1": "\\",
        "ind2": "\\",
        "subfields": [
          {
            "a": "(OCoLC)759923643"
          },
          {
            "z": "(OCoLC)709673259"
          }
        ]
      }
    },
    {
      "037": {
        "ind1": "\\",
        "ind2": "\\",
        "subfields": [
          {
            "b": "Simon & Schuster, Order Dept 100 Front st, Riverside, NJ, USA, 08075"
          },
          {
            "n": "SAN 200-2442"
          }
        ]
      }
    },
    {
      "043": {
        "ind1": "\\",
        "ind2": "\\",
        "subfields": [
          {
            "a": "n------"
          },
          {
            "a": "s------"
          }
        ]
      }
    },
    {
      "050": {
        "ind1": "\\",
        "ind2": "4",
        "subfields": [
          {
            "a": "E27.5"
          },
          {
            "b": ".M33 2011"
          }
        ]
      }
    },
    {
      "082": {
        "ind1": "0",
        "ind2": "4",
        "subfields": [
          {
            "a": "917.04538"
          },
          {
            "b": "MCC"
          }
        ]
      }
    },
    {
      "100": {
        "ind1": "1",
        "ind2": "\\",
        "subfields": [
          {
            "a": "McCormick, Herb,"
          },
          {
            "d": "1955-"
          }
        ]
      }
    },
    {
      "245": {
        "ind1": "1",
        "ind2": "0",
        "subfields": [
          {
            "a": "One island, one ocean :"
          },
          {
            "b": "Ocean Watch and the epic journey around the Americas /"
          },
          {
            "c": "written by Herb McCormick ; photography by David Thoreson ; foreword by David Rockefeller, Jr. ; introduction by Captain Mark Schrader ; preface by R. Bryce Seidl."
          }
        ]
      }
    },
    {
      "260": {
        "ind1": "\\",
        "ind2": "\\",
        "subfields": [
          {
            "a": "San Francisco, CA. :"
          },
          {
            "b": "Weldon Owen,"
          },
          {
            "c": "\u00a92011."
          }
        ]
      }
    },
    {
      "300": {
        "ind1": "\\",
        "ind2": "\\",
        "subfields": [
          {
            "a": "239 pages :"
          },
          {
            "b": "color illustrations, color maps ;"
          },
          {
            "c": "30 cm"
          }
        ]
      }
    },
    {
      "336": {
        "ind1": "\\",
        "ind2": "\\",
        "subfields": [
          {
            "a": "text"
          },
          {
            "b": "txt"
          },
          {
            "2": "rdacontent"
          }
        ]
      }
    },
    {
      "337": {
        "ind1": "\\",
        "ind2": "\\",
        "subfields": [
          {
            "a": "unmediated"
          },
          {
            "b": "n"
          },
          {
            "2": "rdamedia"
          }
        ]
      }
    },
    {
      "338": {
        "ind1": "\\",
        "ind2": "\\",
        "subfields": [
          {
            "a": "volume"
          },
          {
            "b": "nc"
          },
          {
            "2": "rdacarrier"
          }
        ]
      }
    },
    {
      "520": {
        "ind1": "\\",
        "ind2": "\\",
        "subfields": [
          {
            "a": "On May 31, 2009, a committed team of sailors, scientists, teachers and conservationists joined forces on a voyage that was vast in scope and ambition but launched under the simplest of ideas: The continents of North and South America are a single island, surrounded by a shared ocean, and with a common set of challenges, communities, issues, and solutions. This book tells the story of that adventure, and sounds a call to action for everyone who loves this planet. In a journey that took 13 months, the Ocean Watch circumnavigated the Americas, documenting the beauty that exists, the peoples who rely on our oceans, and the changes that are happening all too fast. This book can be read any number of ways: as an exciting seafaring adventure, as a beautifully photographed appreciation of the beauty of the Americas, or as a global warning, documenting the ways our world is changing forever.--From publisher description."
          }
        ]
      }
    },
    {
      "505": {
        "ind1": "0",
        "ind2": "\\",
        "subfields": [
          {
            "a": "pt. 1: North to the ice : Seattle to Newfoundland via the Arctic Circle and the Northwest Passage. From the Big House to the ghosts of war ; Ice capades ; The biologist, the hunter, and the birdman ; A northwest passage ; Into the fray ; Science aboard Ocean Watch ; A vanishing way of life -- pt. 2: The long slog south : across the equator from the Canadian Maritimes to the Falkland Islands. Down the Eastern Seaboard ; Crossing the Line ; Brazil's bitter bulge ; The Roaring Forties ; Falkland Islands interlude ; Lessons learned along the way ; Champagne sailing -- pt. 3: Cape Horn to starboard : the triumphant rounding of the Horn ; a sobering passage through Patagonia. Racing the williwaws ; Isla Hornos ; In Patagonia ; A prayer for fragile Chile ; Valpo ; Education on board ; Soaring with the albatross -- pt. 4 Closing the circle : a Pacific passage : El Nin\u0303o, the Baja Bash, the Golden Gate, and home. Earthquake, El Nin\u0303o, and the missing trade winds ; In Darwin's wake ; Costa Rica and the Baja Bash ; Old Glory ; Closing the circle ; Plastic pollution and the Pacific Garbage Patch ; Parting shots."
          }
        ]
      }
    },
    {
      "504": {
        "ind1": "\\",
        "ind2": "\\",
        "subfields": [
          {
            "a": "Includes bibliographical references (pages 232-234) and index."
          }
        ]
      }
    },
    {
      "651": {
        "ind1": "\\",
        "ind2": "0",
        "subfields": [
          {
            "a": "America"
          },
          {
            "x": "Description and travel."
          }
        ]
      }
    },
    {
      "650": {
        "ind1": "\\",
        "ind2": "0",
        "subfields": [
          {
            "a": "Sailing"
          },
          {
            "z": "Pacific Coast (America)"
          }
        ]
      }
    },
    {
      "650": {
        "ind1": "\\",
        "ind2": "0",
        "subfields": [
          {
            "a": "Sailing"
          },
          {
            "z": "Atlantic Coast (America)"
          }
        ]
      }
    },
    {
      "650": {
        "ind1": "\\",
        "ind2": "0",
        "subfields": [
          {
            "a": "Coastal ecology"
          },
          {
            "z": "America."
          }
        ]
      }
    },
    {
      "650": {
        "ind1": "\\",
        "ind2": "0",
        "subfields": [
          {
            "a": "Marine ecosystem health"
          },
          {
            "z": "America."
          }
        ]
      }
    },
    {
      "650": {
        "ind1": "\\",
        "ind2": "7",
        "subfields": [
          {
            "a": "Coastal ecology."
          },
          {
            "2": "fast"
          },
          {
            "0": "(OCoLC)fst00865723"
          }
        ]
      }
    },
    {
      "650": {
        "ind1": "\\",
        "ind2": "7",
        "subfields": [
          {
            "a": "Marine ecosystem health."
          },
          {
            "2": "fast"
          },
          {
            "0": "(OCoLC)fst01749294"
          }
        ]
      }
    },
    {
      "650": {
        "ind1": "\\",
        "ind2": "7",
        "subfields": [
          {
            "a": "Sailing."
          },
          {
            "2": "fast"
          },
          {
            "0": "(OCoLC)fst01103513"
          }
        ]
      }
    },
    {
      "650": {
        "ind1": "\\",
        "ind2": "7",
        "subfields": [
          {
            "a": "Travel."
          },
          {
            "2": "fast"
          },
          {
            "0": "(OCoLC)fst01155558"
          }
        ]
      }
    },
    {
      "651": {
        "ind1": "\\",
        "ind2": "7",
        "subfields": [
          {
            "a": "America."
          },
          {
            "2": "fast"
          },
          {
            "0": "(OCoLC)fst01239786"
          }
        ]
      }
    },
    {
      "651": {
        "ind1": "\\",
        "ind2": "7",
        "subfields": [
          {
            "a": "America"
          },
          {
            "z": "Atlantic Coast."
          },
          {
            "2": "fast"
          },
          {
            "0": "(OCoLC)fst01896726"
          }
        ]
      }
    },
    {
      "651": {
        "ind1": "\\",
        "ind2": "7",
        "subfields": [
          {
            "a": "America"
          },
          {
            "z": "Pacific Coast."
          },
          {
            "2": "fast"
          },
          {
            "0": "(OCoLC)fst01906754"
          }
        ]
      }
    },
    {
      "700": {
        "ind1": "1",
        "ind2": "\\",
        "subfields": [
          {
            "a": "Thoreson, David."
          }
        ]
      }
    },
    {
      "994": {
        "ind1": "\\",
        "ind2": "\\",
        "subfields": [
          {
            "a": "Z0"
          },
          {
            "b": "NYRVC"
          }
        ]
      }
    },
    {
      "948": {
        "ind1": "\\",
        "ind2": "\\",
        "subfields": [
          {
            "h": "NO HOLDINGS IN NYRVC - 130 OTHER HOLDINGS"
          }
        ]
      }
    },
    {
      "999": {
        "ind1": "\\",
        "ind2": "\\",
        "subfields": [
          {
            "a": "00000000019390"
          }
        ]
      }
    }
  ]
}